%% This BibTeX bibliography file was created using BibDesk.
%% https://bibdesk.sourceforge.io/

%% Created for Mathew C at 2022-09-21 22:33:34 -0400 


%% Saved with string encoding Unicode (UTF-8) 



@article{Buhlmann,
	author = {Peter B{\"u}hlmann and Hans R K{\"u}nsch},
	date-added = {2022-09-21 22:29:27 -0400},
	date-modified = {2022-09-21 22:33:19 -0400},
	journal = {Computational Statistics & Data Analysis},
	month = {9},
	number = {3},
	pages = {295-310},
	title = {Block length selection in the bootstrap for time series},
	volume = {31},
	year = {1999}}

@article{Goncalves,
	author = {Silvia Gon{\c c}alves and Halbert White},
	date-added = {2022-09-21 21:23:14 -0400},
	date-modified = {2022-09-21 21:24:20 -0400},
	journal = {Journal of the American Statistical Association},
	month = {9},
	number = {471},
	pages = {970-979},
	title = {Bootstrap Standard Error Estimates for Linear Regression},
	volume = {100},
	year = {2005}}

@article{Nevitt,
	author = {Nevitt, Jonathan and Hancock, Gregory R.},
	date-added = {2022-09-21 18:50:24 -0400},
	date-modified = {2022-09-21 18:53:07 -0400},
	journal = {Structural Equation Modeling},
	month = {7},
	number = {3},
	pages = {353-377},
	title = {Performance of bootstrapping approaches to model test statistics and parameter standard error estimation in structural equation modeling.},
	volume = {8},
	year = {2001}}

@article{Andrews,
	author = {Donald W. K. Andrews},
	date-added = {2022-09-21 17:19:42 -0400},
	date-modified = {2022-09-21 17:20:48 -0400},
	journal = {Econometrica: Journal of the Econometric Society},
	month = {5},
	number = {3},
	pages = {673-700},
	title = {the Block--Block Bootstrap: Improved Asymptotic Refinements},
	volume = {72},
	year = {2004}}

@article{MacKinnon,
	author = {James G. MacKinnon},
	date-added = {2022-09-21 17:14:15 -0400},
	date-modified = {2022-09-21 17:16:50 -0400},
	journal = {The Economic Record},
	month = {9},
	number = {1},
	pages = {2-18},
	title = {Bootstrap Methods in Econometrics},
	volume = {82},
	year = {2006}}

@article{Varga,
	author = {L{\'a}szl{\'o} Varga and Andr{\'a}s Zempl{\'e}ni},
	date-added = {2022-09-21 17:09:33 -0400},
	date-modified = {2022-09-21 17:11:27 -0400},
	journal = {Advances in Statistical Climatology, Meterology and Oceanography},
	month = {6},
	number = {1},
	pages = {55-66},
	title = {Generalised block bootstrap and its use in meteorology},
	volume = {3},
	year = {2017}}

@article{Kunsch,
	author = {Hans R. Kunsch},
	date-added = {2022-09-19 20:35:59 -0400},
	date-modified = {2022-09-19 20:40:23 -0400},
	journal = {The Annals of Statistics},
	month = {9},
	number = {3},
	pages = {1217-1241},
	title = {The Jackknife and the Bootstrap for General Stationary Observations},
	volume = {17},
	year = {1989}}

@article{Carlstein,
	author = {Edward Carlstein},
	date-added = {2022-09-19 20:30:28 -0400},
	date-modified = {2022-09-19 20:35:27 -0400},
	journal = {The Annals of Statistics},
	month = {9},
	number = {3},
	pages = {1171-1179},
	title = {The Use of Subseries Values for Estimating the Variance of a General Statistic from a Stationary Sequence},
	volume = {14},
	year = {1986}}

@article{Hall,
	author = {Peter Hall},
	date-added = {2022-09-19 20:25:53 -0400},
	date-modified = {2022-09-19 20:30:09 -0400},
	journal = {Stochastic Processes and their Applications},
	month = {9},
	number = {2},
	pages = {231-246},
	title = {Resampling a coverage pattern},
	volume = {20},
	year = {1985}}

@article{Radovanov,
	author = {Radovanov, Boris and Marcikic, Aleksandra},
	date-added = {2022-09-19 20:13:52 -0400},
	date-modified = {2022-09-19 20:19:49 -0400},
	journal = {Croatian Operational Research Review},
	month = {12},
	pages = {189-202},
	title = {A comparison of four different block bootstrap methods},
	volume = {5},
	year = {2014}}
